%YAML 1.1
%TAG !u! tag:unity3d.com,2011:
--- !u!29 &1
OcclusionCullingSettings:
  m_ObjectHideFlags: 0
  serializedVersion: 2
  m_OcclusionBakeSettings:
    smallestOccluder: 5
    smallestHole: 0.25
    backfaceThreshold: 100
  m_SceneGUID: 00000000000000000000000000000000
  m_OcclusionCullingData: {fileID: 0}
--- !u!104 &2
RenderSettings:
  m_ObjectHideFlags: 0
  serializedVersion: 8
  m_Fog: 0
  m_FogColor: {r: 0.5, g: 0.5, b: 0.5, a: 1}
  m_FogMode: 3
  m_FogDensity: 0.01
  m_LinearFogStart: 0
  m_LinearFogEnd: 300
  m_AmbientSkyColor: {r: 0.7352941, g: 0.65960205, b: 0.546064, a: 1}
  m_AmbientEquatorColor: {r: 0.114, g: 0.125, b: 0.133, a: 1}
  m_AmbientGroundColor: {r: 0.047, g: 0.043, b: 0.035, a: 1}
  m_AmbientIntensity: 8
  m_AmbientMode: 0
  m_SubtractiveShadowColor: {r: 0.42, g: 0.478, b: 0.627, a: 1}
  m_SkyboxMaterial: {fileID: 0}
  m_HaloStrength: 0.5
  m_FlareStrength: 1
  m_FlareFadeSpeed: 3
  m_HaloTexture: {fileID: 0}
  m_SpotCookie: {fileID: 10001, guid: 0000000000000000e000000000000000, type: 0}
  m_DefaultReflectionMode: 0
  m_DefaultReflectionResolution: 128
  m_ReflectionBounces: 2
  m_ReflectionIntensity: 0.977
  m_CustomReflection: {fileID: 0}
  m_Sun: {fileID: 0}
  m_IndirectSpecularColor: {r: 0, g: 0, b: 0, a: 1}
--- !u!157 &3
LightmapSettings:
  m_ObjectHideFlags: 0
  serializedVersion: 11
  m_GIWorkflowMode: 1
  m_GISettings:
    serializedVersion: 2
    m_BounceScale: 1
    m_IndirectOutputScale: 1.96
    m_AlbedoBoost: 1
    m_TemporalCoherenceThreshold: 1
    m_EnvironmentLightingMode: 0
    m_EnableBakedLightmaps: 1
    m_EnableRealtimeLightmaps: 1
  m_LightmapEditorSettings:
    serializedVersion: 9
    m_Resolution: 2
    m_BakeResolution: 40
    m_TextureWidth: 1024
    m_TextureHeight: 1024
    m_AO: 0
    m_AOMaxDistance: 1
    m_CompAOExponent: 1
    m_CompAOExponentDirect: 0
    m_Padding: 2
    m_LightmapParameters: {fileID: 0}
    m_LightmapsBakeMode: 1
    m_TextureCompression: 1
    m_FinalGather: 0
    m_FinalGatherFiltering: 1
    m_FinalGatherRayCount: 256
    m_ReflectionCompression: 2
    m_MixedBakeMode: 2
    m_BakeBackend: 0
    m_PVRSampling: 1
    m_PVRDirectSampleCount: 32
    m_PVRSampleCount: 500
    m_PVRBounces: 2
    m_PVRFiltering: 0
    m_PVRFilteringMode: 1
    m_PVRCulling: 1
    m_PVRFilteringGaussRadiusDirect: 1
    m_PVRFilteringGaussRadiusIndirect: 5
    m_PVRFilteringGaussRadiusAO: 2
    m_PVRFilteringAtrousColorSigma: 1
    m_PVRFilteringAtrousNormalSigma: 1
    m_PVRFilteringAtrousPositionSigma: 1
  m_LightingDataAsset: {fileID: 0}
  m_UseShadowmask: 1
--- !u!196 &4
NavMeshSettings:
  serializedVersion: 2
  m_ObjectHideFlags: 0
  m_BuildSettings:
    serializedVersion: 2
    agentTypeID: 0
    agentRadius: 0.5
    agentHeight: 2
    agentSlope: 45
    agentClimb: 0.4
    ledgeDropHeight: 0
    maxJumpAcrossDistance: 0
    minRegionArea: 2
    manualCellSize: 0
    cellSize: 0.16666667
    manualTileSize: 0
    tileSize: 256
    accuratePlacement: 0
  m_NavMeshData: {fileID: 0}
--- !u!1001 &102975936
Prefab:
  m_ObjectHideFlags: 0
  serializedVersion: 2
  m_Modification:
    m_TransformParent: {fileID: 1300818634}
    m_Modifications:
    - target: {fileID: 4783754819433100, guid: 58adc456718cb11498a02d3a710e1373, type: 2}
      propertyPath: m_LocalPosition.x
      value: 2.71
      objectReference: {fileID: 0}
    - target: {fileID: 4783754819433100, guid: 58adc456718cb11498a02d3a710e1373, type: 2}
      propertyPath: m_LocalPosition.y
      value: 0
      objectReference: {fileID: 0}
    - target: {fileID: 4783754819433100, guid: 58adc456718cb11498a02d3a710e1373, type: 2}
      propertyPath: m_LocalPosition.z
      value: 3.61
      objectReference: {fileID: 0}
    - target: {fileID: 4783754819433100, guid: 58adc456718cb11498a02d3a710e1373, type: 2}
      propertyPath: m_LocalRotation.x
      value: -0.7071068
      objectReference: {fileID: 0}
    - target: {fileID: 4783754819433100, guid: 58adc456718cb11498a02d3a710e1373, type: 2}
      propertyPath: m_LocalRotation.y
      value: 0
      objectReference: {fileID: 0}
    - target: {fileID: 4783754819433100, guid: 58adc456718cb11498a02d3a710e1373, type: 2}
      propertyPath: m_LocalRotation.z
      value: -0
      objectReference: {fileID: 0}
    - target: {fileID: 4783754819433100, guid: 58adc456718cb11498a02d3a710e1373, type: 2}
      propertyPath: m_LocalRotation.w
      value: 0.7071067
      objectReference: {fileID: 0}
    - target: {fileID: 4783754819433100, guid: 58adc456718cb11498a02d3a710e1373, type: 2}
      propertyPath: m_RootOrder
      value: 9
      objectReference: {fileID: 0}
    m_RemovedComponents: []
  m_ParentPrefab: {fileID: 100100000, guid: 58adc456718cb11498a02d3a710e1373, type: 2}
  m_IsPrefabParent: 0
--- !u!4 &141067067 stripped
Transform:
  m_PrefabParentObject: {fileID: 4689955740626930, guid: 898bc7a333a7052469710adde9bc624e,
    type: 2}
  m_PrefabInternal: {fileID: 1121438416}
--- !u!1001 &204282961
Prefab:
  m_ObjectHideFlags: 0
  serializedVersion: 2
  m_Modification:
    m_TransformParent: {fileID: 1300818634}
    m_Modifications:
    - target: {fileID: 4250433988887746, guid: a48680f2052269d4d9d6351e478e1628, type: 2}
      propertyPath: m_LocalPosition.x
      value: -4.05
      objectReference: {fileID: 0}
    - target: {fileID: 4250433988887746, guid: a48680f2052269d4d9d6351e478e1628, type: 2}
      propertyPath: m_LocalPosition.y
      value: 0
      objectReference: {fileID: 0}
    - target: {fileID: 4250433988887746, guid: a48680f2052269d4d9d6351e478e1628, type: 2}
      propertyPath: m_LocalPosition.z
      value: 2.56
      objectReference: {fileID: 0}
    - target: {fileID: 4250433988887746, guid: a48680f2052269d4d9d6351e478e1628, type: 2}
      propertyPath: m_LocalRotation.x
      value: -0.7071068
      objectReference: {fileID: 0}
    - target: {fileID: 4250433988887746, guid: a48680f2052269d4d9d6351e478e1628, type: 2}
      propertyPath: m_LocalRotation.y
      value: 0
      objectReference: {fileID: 0}
    - target: {fileID: 4250433988887746, guid: a48680f2052269d4d9d6351e478e1628, type: 2}
      propertyPath: m_LocalRotation.z
      value: -0
      objectReference: {fileID: 0}
    - target: {fileID: 4250433988887746, guid: a48680f2052269d4d9d6351e478e1628, type: 2}
      propertyPath: m_LocalRotation.w
      value: 0.7071067
      objectReference: {fileID: 0}
    - target: {fileID: 4250433988887746, guid: a48680f2052269d4d9d6351e478e1628, type: 2}
      propertyPath: m_RootOrder
      value: 19
      objectReference: {fileID: 0}
    m_RemovedComponents: []
  m_ParentPrefab: {fileID: 100100000, guid: a48680f2052269d4d9d6351e478e1628, type: 2}
  m_IsPrefabParent: 0
--- !u!4 &284898009 stripped
Transform:
  m_PrefabParentObject: {fileID: 4915948317252420, guid: 991fbde545a344342aece4094ef6e8b3,
    type: 2}
  m_PrefabInternal: {fileID: 826712855}
--- !u!4 &346044207 stripped
Transform:
  m_PrefabParentObject: {fileID: 4574618021309038, guid: d6a48839a4f805b4fb4d89c1644d25b8,
    type: 2}
  m_PrefabInternal: {fileID: 705271116}
--- !u!4 &384781665 stripped
Transform:
  m_PrefabParentObject: {fileID: 4641363424559090, guid: 58111d6ff5f5635478ce46c5729cef63,
    type: 2}
  m_PrefabInternal: {fileID: 1530578330}
--- !u!4 &419285841 stripped
Transform:
  m_PrefabParentObject: {fileID: 4904957979280736, guid: f6da6c79736150544acf784575457cd2,
    type: 2}
  m_PrefabInternal: {fileID: 1369937050}
--- !u!1 &447595058
GameObject:
  m_ObjectHideFlags: 0
  m_PrefabParentObject: {fileID: 0}
  m_PrefabInternal: {fileID: 204282961}
  serializedVersion: 5
  m_Component:
  - component: {fileID: 447595059}
  m_Layer: 0
  m_Name: Missing Prefab
  m_TagString: Untagged
  m_Icon: {fileID: 0}
  m_NavMeshLayer: 0
  m_StaticEditorFlags: 0
  m_IsActive: 1
--- !u!4 &447595059
Transform:
  m_ObjectHideFlags: 0
  m_PrefabParentObject: {fileID: 0}
  m_PrefabInternal: {fileID: 204282961}
  m_GameObject: {fileID: 447595058}
  m_LocalRotation: {x: 0, y: 0, z: 0, w: 1}
  m_LocalPosition: {x: 0, y: 0, z: 0}
  m_LocalScale: {x: 1, y: 1, z: 1}
  m_Children:
  - {fileID: 482030237}
  m_Father: {fileID: 1300818634}
  m_RootOrder: 19
  m_LocalEulerAnglesHint: {x: 0, y: 0, z: 0}
--- !u!4 &482030237
Transform:
  m_ObjectHideFlags: 0
  m_PrefabParentObject: {fileID: 4250433988887746, guid: a48680f2052269d4d9d6351e478e1628,
    type: 2}
  m_PrefabInternal: {fileID: 204282961}
  m_GameObject: {fileID: 1927251214}
  m_LocalRotation: {x: 0, y: 0, z: 0, w: 1}
  m_LocalPosition: {x: 0, y: 0, z: 0}
  m_LocalScale: {x: 1, y: 1, z: 1}
  m_Children: []
  m_Father: {fileID: 447595059}
  m_RootOrder: 0
  m_LocalEulerAnglesHint: {x: 0, y: 0, z: 0}
--- !u!1001 &508912296
Prefab:
  m_ObjectHideFlags: 0
  serializedVersion: 2
  m_Modification:
    m_TransformParent: {fileID: 1300818634}
    m_Modifications:
    - target: {fileID: 4552435532568154, guid: 688a8fa9621521d4b9174ecb6ae1f724, type: 2}
      propertyPath: m_LocalPosition.x
      value: 6.5
      objectReference: {fileID: 0}
    - target: {fileID: 4552435532568154, guid: 688a8fa9621521d4b9174ecb6ae1f724, type: 2}
      propertyPath: m_LocalPosition.y
      value: 0
      objectReference: {fileID: 0}
    - target: {fileID: 4552435532568154, guid: 688a8fa9621521d4b9174ecb6ae1f724, type: 2}
      propertyPath: m_LocalPosition.z
      value: 8.71
      objectReference: {fileID: 0}
    - target: {fileID: 4552435532568154, guid: 688a8fa9621521d4b9174ecb6ae1f724, type: 2}
      propertyPath: m_LocalRotation.x
      value: -0.7071068
      objectReference: {fileID: 0}
    - target: {fileID: 4552435532568154, guid: 688a8fa9621521d4b9174ecb6ae1f724, type: 2}
      propertyPath: m_LocalRotation.y
      value: 0
      objectReference: {fileID: 0}
    - target: {fileID: 4552435532568154, guid: 688a8fa9621521d4b9174ecb6ae1f724, type: 2}
      propertyPath: m_LocalRotation.z
      value: -0
      objectReference: {fileID: 0}
    - target: {fileID: 4552435532568154, guid: 688a8fa9621521d4b9174ecb6ae1f724, type: 2}
      propertyPath: m_LocalRotation.w
      value: 0.7071067
      objectReference: {fileID: 0}
    - target: {fileID: 4552435532568154, guid: 688a8fa9621521d4b9174ecb6ae1f724, type: 2}
      propertyPath: m_RootOrder
      value: 3
      objectReference: {fileID: 0}
    m_RemovedComponents: []
  m_ParentPrefab: {fileID: 100100000, guid: 688a8fa9621521d4b9174ecb6ae1f724, type: 2}
  m_IsPrefabParent: 0
--- !u!4 &508912297 stripped
Transform:
  m_PrefabParentObject: {fileID: 4552435532568154, guid: 688a8fa9621521d4b9174ecb6ae1f724,
    type: 2}
  m_PrefabInternal: {fileID: 508912296}
--- !u!1 &644758804
GameObject:
  m_ObjectHideFlags: 0
  m_PrefabParentObject: {fileID: 0}
  m_PrefabInternal: {fileID: 0}
  serializedVersion: 5
  m_Component:
  - component: {fileID: 644758806}
  - component: {fileID: 644758805}
  m_Layer: 0
  m_Name: Directional light
  m_TagString: Untagged
  m_Icon: {fileID: 0}
  m_NavMeshLayer: 0
  m_StaticEditorFlags: 0
  m_IsActive: 1
--- !u!108 &644758805
Light:
  m_ObjectHideFlags: 0
  m_PrefabParentObject: {fileID: 0}
  m_PrefabInternal: {fileID: 0}
  m_GameObject: {fileID: 644758804}
  m_Enabled: 1
  serializedVersion: 8
  m_Type: 1
  m_Color: {r: 1, g: 1, b: 1, a: 1}
  m_Intensity: 1.6
  m_Range: 10
  m_SpotAngle: 30
  m_CookieSize: 10
  m_Shadows:
    m_Type: 0
    m_Resolution: -1
    m_CustomResolution: -1
    m_Strength: 1
    m_Bias: 0.05
    m_NormalBias: 0.4
    m_NearPlane: 0.2
  m_Cookie: {fileID: 0}
  m_DrawHalo: 0
  m_Flare: {fileID: 0}
  m_RenderMode: 0
  m_CullingMask:
    serializedVersion: 2
    m_Bits: 4294967295
  m_Lightmapping: 4
  m_AreaSize: {x: 1, y: 1}
  m_BounceIntensity: 1
  m_ColorTemperature: 6570
  m_UseColorTemperature: 0
  m_ShadowRadius: 0
  m_ShadowAngle: 0
--- !u!4 &644758806
Transform:
  m_ObjectHideFlags: 0
  m_PrefabParentObject: {fileID: 0}
  m_PrefabInternal: {fileID: 0}
  m_GameObject: {fileID: 644758804}
  m_LocalRotation: {x: 0.36370054, y: -0, z: -0, w: 0.931516}
  m_LocalPosition: {x: 0, y: 9.79, z: 0.61}
  m_LocalScale: {x: 1, y: 1, z: 1}
  m_Children: []
  m_Father: {fileID: 0}
  m_RootOrder: 3
  m_LocalEulerAnglesHint: {x: 42.655003, y: 0, z: 0}
--- !u!1001 &705271116
Prefab:
  m_ObjectHideFlags: 0
  serializedVersion: 2
  m_Modification:
    m_TransformParent: {fileID: 1300818634}
    m_Modifications:
    - target: {fileID: 4574618021309038, guid: d6a48839a4f805b4fb4d89c1644d25b8, type: 2}
      propertyPath: m_LocalPosition.x
      value: 6.88
      objectReference: {fileID: 0}
    - target: {fileID: 4574618021309038, guid: d6a48839a4f805b4fb4d89c1644d25b8, type: 2}
      propertyPath: m_LocalPosition.y
      value: 0
      objectReference: {fileID: 0}
    - target: {fileID: 4574618021309038, guid: d6a48839a4f805b4fb4d89c1644d25b8, type: 2}
      propertyPath: m_LocalPosition.z
      value: 0.33
      objectReference: {fileID: 0}
    - target: {fileID: 4574618021309038, guid: d6a48839a4f805b4fb4d89c1644d25b8, type: 2}
      propertyPath: m_LocalRotation.x
      value: -0.7071068
      objectReference: {fileID: 0}
    - target: {fileID: 4574618021309038, guid: d6a48839a4f805b4fb4d89c1644d25b8, type: 2}
      propertyPath: m_LocalRotation.y
      value: 0
      objectReference: {fileID: 0}
    - target: {fileID: 4574618021309038, guid: d6a48839a4f805b4fb4d89c1644d25b8, type: 2}
      propertyPath: m_LocalRotation.z
      value: -0
      objectReference: {fileID: 0}
    - target: {fileID: 4574618021309038, guid: d6a48839a4f805b4fb4d89c1644d25b8, type: 2}
      propertyPath: m_LocalRotation.w
      value: 0.7071067
      objectReference: {fileID: 0}
    - target: {fileID: 4574618021309038, guid: d6a48839a4f805b4fb4d89c1644d25b8, type: 2}
      propertyPath: m_RootOrder
      value: 12
      objectReference: {fileID: 0}
    m_RemovedComponents: []
  m_ParentPrefab: {fileID: 100100000, guid: d6a48839a4f805b4fb4d89c1644d25b8, type: 2}
  m_IsPrefabParent: 0
--- !u!1 &741423053
GameObject:
  m_ObjectHideFlags: 0
  m_PrefabParentObject: {fileID: 0}
  m_PrefabInternal: {fileID: 0}
  serializedVersion: 5
  m_Component:
  - component: {fileID: 741423058}
  - component: {fileID: 741423057}
  - component: {fileID: 741423056}
  - component: {fileID: 741423055}
  - component: {fileID: 741423054}
  m_Layer: 0
  m_Name: Camera
  m_TagString: Untagged
  m_Icon: {fileID: 0}
  m_NavMeshLayer: 0
  m_StaticEditorFlags: 0
  m_IsActive: 1
--- !u!81 &741423054
AudioListener:
  m_ObjectHideFlags: 0
  m_PrefabParentObject: {fileID: 0}
  m_PrefabInternal: {fileID: 0}
  m_GameObject: {fileID: 741423053}
  m_Enabled: 1
--- !u!92 &741423055
Behaviour:
  m_ObjectHideFlags: 0
  m_PrefabParentObject: {fileID: 0}
  m_PrefabInternal: {fileID: 0}
  m_GameObject: {fileID: 741423053}
  m_Enabled: 1
--- !u!124 &741423056
Behaviour:
  m_ObjectHideFlags: 0
  m_PrefabParentObject: {fileID: 0}
  m_PrefabInternal: {fileID: 0}
  m_GameObject: {fileID: 741423053}
  m_Enabled: 1
--- !u!20 &741423057
Camera:
  m_ObjectHideFlags: 0
  m_PrefabParentObject: {fileID: 0}
  m_PrefabInternal: {fileID: 0}
  m_GameObject: {fileID: 741423053}
  m_Enabled: 1
  serializedVersion: 2
  m_ClearFlags: 2
  m_BackGroundColor: {r: 0.4974048, g: 0.65424174, b: 0.6764706, a: 0}
  m_NormalizedViewPortRect:
    serializedVersion: 2
    x: 0
    y: 0
    width: 1
    height: 1
  near clip plane: 0.3
  far clip plane: 1000
  field of view: 60
  orthographic: 0
  orthographic size: 5
  m_Depth: 0
  m_CullingMask:
    serializedVersion: 2
    m_Bits: 4294967295
  m_RenderingPath: -1
  m_TargetTexture: {fileID: 0}
  m_TargetDisplay: 0
  m_TargetEye: 3
  m_HDR: 1
  m_AllowMSAA: 1
  m_ForceIntoRT: 0
  m_OcclusionCulling: 1
  m_StereoConvergence: 10
  m_StereoSeparation: 0.022
  m_StereoMirrorMode: 0
--- !u!4 &741423058
Transform:
  m_ObjectHideFlags: 0
  m_PrefabParentObject: {fileID: 0}
  m_PrefabInternal: {fileID: 0}
  m_GameObject: {fileID: 741423053}
  m_LocalRotation: {x: 0, y: 0, z: 0, w: 1}
  m_LocalPosition: {x: 0, y: 0, z: -13.71}
  m_LocalScale: {x: 1, y: 1, z: 1}
  m_Children: []
  m_Father: {fileID: 0}
  m_RootOrder: 2
  m_LocalEulerAnglesHint: {x: 0, y: 0, z: 0}
--- !u!1001 &755459922
Prefab:
  m_ObjectHideFlags: 0
  serializedVersion: 2
  m_Modification:
    m_TransformParent: {fileID: 1300818634}
    m_Modifications:
    - target: {fileID: 4701587973502982, guid: e2b6a47bdf6de634ca045a1ae8fdea69, type: 2}
      propertyPath: m_LocalPosition.x
      value: -0
      objectReference: {fileID: 0}
    - target: {fileID: 4701587973502982, guid: e2b6a47bdf6de634ca045a1ae8fdea69, type: 2}
      propertyPath: m_LocalPosition.y
      value: 0
      objectReference: {fileID: 0}
    - target: {fileID: 4701587973502982, guid: e2b6a47bdf6de634ca045a1ae8fdea69, type: 2}
      propertyPath: m_LocalPosition.z
      value: 12.15
      objectReference: {fileID: 0}
    - target: {fileID: 4701587973502982, guid: e2b6a47bdf6de634ca045a1ae8fdea69, type: 2}
      propertyPath: m_LocalRotation.x
      value: -0.7071068
      objectReference: {fileID: 0}
    - target: {fileID: 4701587973502982, guid: e2b6a47bdf6de634ca045a1ae8fdea69, type: 2}
      propertyPath: m_LocalRotation.y
      value: 0
      objectReference: {fileID: 0}
    - target: {fileID: 4701587973502982, guid: e2b6a47bdf6de634ca045a1ae8fdea69, type: 2}
      propertyPath: m_LocalRotation.z
      value: -0
      objectReference: {fileID: 0}
    - target: {fileID: 4701587973502982, guid: e2b6a47bdf6de634ca045a1ae8fdea69, type: 2}
      propertyPath: m_LocalRotation.w
      value: 0.7071067
      objectReference: {fileID: 0}
    - target: {fileID: 4701587973502982, guid: e2b6a47bdf6de634ca045a1ae8fdea69, type: 2}
      propertyPath: m_RootOrder
      value: 2
      objectReference: {fileID: 0}
    m_RemovedComponents: []
  m_ParentPrefab: {fileID: 100100000, guid: e2b6a47bdf6de634ca045a1ae8fdea69, type: 2}
  m_IsPrefabParent: 0
--- !u!4 &755459923 stripped
Transform:
  m_PrefabParentObject: {fileID: 4701587973502982, guid: e2b6a47bdf6de634ca045a1ae8fdea69,
    type: 2}
  m_PrefabInternal: {fileID: 755459922}
--- !u!1001 &769280699
Prefab:
  m_ObjectHideFlags: 0
  serializedVersion: 2
  m_Modification:
    m_TransformParent: {fileID: 1300818634}
    m_Modifications:
    - target: {fileID: 4731752686717146, guid: 71fb3ba0cca997a408335fee70d9ad6a, type: 2}
      propertyPath: m_LocalPosition.x
      value: 2.05
      objectReference: {fileID: 0}
    - target: {fileID: 4731752686717146, guid: 71fb3ba0cca997a408335fee70d9ad6a, type: 2}
      propertyPath: m_LocalPosition.y
      value: 0
      objectReference: {fileID: 0}
    - target: {fileID: 4731752686717146, guid: 71fb3ba0cca997a408335fee70d9ad6a, type: 2}
      propertyPath: m_LocalPosition.z
      value: 17.15
      objectReference: {fileID: 0}
    - target: {fileID: 4731752686717146, guid: 71fb3ba0cca997a408335fee70d9ad6a, type: 2}
      propertyPath: m_LocalRotation.x
      value: -0.7071068
      objectReference: {fileID: 0}
    - target: {fileID: 4731752686717146, guid: 71fb3ba0cca997a408335fee70d9ad6a, type: 2}
      propertyPath: m_LocalRotation.y
      value: 0
      objectReference: {fileID: 0}
    - target: {fileID: 4731752686717146, guid: 71fb3ba0cca997a408335fee70d9ad6a, type: 2}
      propertyPath: m_LocalRotation.z
      value: -0
      objectReference: {fileID: 0}
    - target: {fileID: 4731752686717146, guid: 71fb3ba0cca997a408335fee70d9ad6a, type: 2}
      propertyPath: m_LocalRotation.w
      value: 0.7071067
      objectReference: {fileID: 0}
    - target: {fileID: 4731752686717146, guid: 71fb3ba0cca997a408335fee70d9ad6a, type: 2}
      propertyPath: m_RootOrder
      value: 17
      objectReference: {fileID: 0}
    m_RemovedComponents: []
  m_ParentPrefab: {fileID: 100100000, guid: 71fb3ba0cca997a408335fee70d9ad6a, type: 2}
  m_IsPrefabParent: 0
--- !u!4 &811537274 stripped
Transform:
  m_PrefabParentObject: {fileID: 4430469009455566, guid: 88a2cca85413e2244826eb317e8fc6da,
    type: 2}
  m_PrefabInternal: {fileID: 1628291964}
--- !u!1001 &826712855
Prefab:
  m_ObjectHideFlags: 0
  serializedVersion: 2
  m_Modification:
    m_TransformParent: {fileID: 1300818634}
    m_Modifications:
    - target: {fileID: 4915948317252420, guid: 991fbde545a344342aece4094ef6e8b3, type: 2}
      propertyPath: m_LocalPosition.x
      value: 5.2
      objectReference: {fileID: 0}
    - target: {fileID: 4915948317252420, guid: 991fbde545a344342aece4094ef6e8b3, type: 2}
      propertyPath: m_LocalPosition.y
      value: 0
      objectReference: {fileID: 0}
    - target: {fileID: 4915948317252420, guid: 991fbde545a344342aece4094ef6e8b3, type: 2}
      propertyPath: m_LocalPosition.z
      value: 4.27
      objectReference: {fileID: 0}
    - target: {fileID: 4915948317252420, guid: 991fbde545a344342aece4094ef6e8b3, type: 2}
      propertyPath: m_LocalRotation.x
      value: -0.7071068
      objectReference: {fileID: 0}
    - target: {fileID: 4915948317252420, guid: 991fbde545a344342aece4094ef6e8b3, type: 2}
      propertyPath: m_LocalRotation.y
      value: 0
      objectReference: {fileID: 0}
    - target: {fileID: 4915948317252420, guid: 991fbde545a344342aece4094ef6e8b3, type: 2}
      propertyPath: m_LocalRotation.z
      value: -0
      objectReference: {fileID: 0}
    - target: {fileID: 4915948317252420, guid: 991fbde545a344342aece4094ef6e8b3, type: 2}
      propertyPath: m_LocalRotation.w
      value: 0.7071067
      objectReference: {fileID: 0}
    - target: {fileID: 4915948317252420, guid: 991fbde545a344342aece4094ef6e8b3, type: 2}
      propertyPath: m_RootOrder
      value: 4
      objectReference: {fileID: 0}
    m_RemovedComponents: []
  m_ParentPrefab: {fileID: 100100000, guid: 991fbde545a344342aece4094ef6e8b3, type: 2}
  m_IsPrefabParent: 0
--- !u!4 &830465935 stripped
Transform:
  m_PrefabParentObject: {fileID: 4711005820693526, guid: bb55db8fa3252c443a311ee821f7e995,
    type: 2}
  m_PrefabInternal: {fileID: 949469253}
--- !u!1001 &890029419
Prefab:
  m_ObjectHideFlags: 0
  serializedVersion: 2
  m_Modification:
    m_TransformParent: {fileID: 1300818634}
    m_Modifications:
    - target: {fileID: 4692581156635900, guid: 5d7328219e1825b4393a53599af2c16a, type: 2}
      propertyPath: m_LocalPosition.x
      value: 9.23
      objectReference: {fileID: 0}
    - target: {fileID: 4692581156635900, guid: 5d7328219e1825b4393a53599af2c16a, type: 2}
      propertyPath: m_LocalPosition.y
      value: 0
      objectReference: {fileID: 0}
    - target: {fileID: 4692581156635900, guid: 5d7328219e1825b4393a53599af2c16a, type: 2}
      propertyPath: m_LocalPosition.z
      value: 8.71
      objectReference: {fileID: 0}
    - target: {fileID: 4692581156635900, guid: 5d7328219e1825b4393a53599af2c16a, type: 2}
      propertyPath: m_LocalRotation.x
      value: -0.7071068
      objectReference: {fileID: 0}
    - target: {fileID: 4692581156635900, guid: 5d7328219e1825b4393a53599af2c16a, type: 2}
      propertyPath: m_LocalRotation.y
      value: 0
      objectReference: {fileID: 0}
    - target: {fileID: 4692581156635900, guid: 5d7328219e1825b4393a53599af2c16a, type: 2}
      propertyPath: m_LocalRotation.z
      value: -0
      objectReference: {fileID: 0}
    - target: {fileID: 4692581156635900, guid: 5d7328219e1825b4393a53599af2c16a, type: 2}
      propertyPath: m_LocalRotation.w
      value: 0.7071067
      objectReference: {fileID: 0}
    - target: {fileID: 4692581156635900, guid: 5d7328219e1825b4393a53599af2c16a, type: 2}
      propertyPath: m_RootOrder
      value: 15
      objectReference: {fileID: 0}
    m_RemovedComponents: []
  m_ParentPrefab: {fileID: 100100000, guid: 5d7328219e1825b4393a53599af2c16a, type: 2}
  m_IsPrefabParent: 0
--- !u!1001 &949469253
Prefab:
  m_ObjectHideFlags: 0
  serializedVersion: 2
  m_Modification:
    m_TransformParent: {fileID: 1300818634}
    m_Modifications:
    - target: {fileID: 4711005820693526, guid: bb55db8fa3252c443a311ee821f7e995, type: 2}
      propertyPath: m_LocalPosition.x
      value: 8.86
      objectReference: {fileID: 0}
    - target: {fileID: 4711005820693526, guid: bb55db8fa3252c443a311ee821f7e995, type: 2}
      propertyPath: m_LocalPosition.y
      value: 0
      objectReference: {fileID: 0}
    - target: {fileID: 4711005820693526, guid: bb55db8fa3252c443a311ee821f7e995, type: 2}
      propertyPath: m_LocalPosition.z
      value: -0.36
      objectReference: {fileID: 0}
    - target: {fileID: 4711005820693526, guid: bb55db8fa3252c443a311ee821f7e995, type: 2}
      propertyPath: m_LocalRotation.x
      value: -0.7071068
      objectReference: {fileID: 0}
    - target: {fileID: 4711005820693526, guid: bb55db8fa3252c443a311ee821f7e995, type: 2}
      propertyPath: m_LocalRotation.y
      value: 0
      objectReference: {fileID: 0}
    - target: {fileID: 4711005820693526, guid: bb55db8fa3252c443a311ee821f7e995, type: 2}
      propertyPath: m_LocalRotation.z
      value: -0
      objectReference: {fileID: 0}
    - target: {fileID: 4711005820693526, guid: bb55db8fa3252c443a311ee821f7e995, type: 2}
      propertyPath: m_LocalRotation.w
      value: 0.7071067
      objectReference: {fileID: 0}
    - target: {fileID: 4711005820693526, guid: bb55db8fa3252c443a311ee821f7e995, type: 2}
      propertyPath: m_RootOrder
      value: 14
      objectReference: {fileID: 0}
    m_RemovedComponents: []
  m_ParentPrefab: {fileID: 100100000, guid: bb55db8fa3252c443a311ee821f7e995, type: 2}
  m_IsPrefabParent: 0
--- !u!4 &1047981441 stripped
Transform:
  m_PrefabParentObject: {fileID: 4111271477560620, guid: b3abede17d0967f429178aeaa30c6482,
    type: 2}
  m_PrefabInternal: {fileID: 2146326649}
--- !u!1001 &1121438416
Prefab:
  m_ObjectHideFlags: 0
  serializedVersion: 2
  m_Modification:
    m_TransformParent: {fileID: 1300818634}
    m_Modifications:
    - target: {fileID: 4689955740626930, guid: 898bc7a333a7052469710adde9bc624e, type: 2}
      propertyPath: m_LocalPosition.x
      value: -5.55
      objectReference: {fileID: 0}
    - target: {fileID: 4689955740626930, guid: 898bc7a333a7052469710adde9bc624e, type: 2}
      propertyPath: m_LocalPosition.y
      value: 0
      objectReference: {fileID: 0}
    - target: {fileID: 4689955740626930, guid: 898bc7a333a7052469710adde9bc624e, type: 2}
      propertyPath: m_LocalPosition.z
      value: -6.36
      objectReference: {fileID: 0}
    - target: {fileID: 4689955740626930, guid: 898bc7a333a7052469710adde9bc624e, type: 2}
      propertyPath: m_LocalRotation.x
      value: -0.7071068
      objectReference: {fileID: 0}
    - target: {fileID: 4689955740626930, guid: 898bc7a333a7052469710adde9bc624e, type: 2}
      propertyPath: m_LocalRotation.y
      value: 0
      objectReference: {fileID: 0}
    - target: {fileID: 4689955740626930, guid: 898bc7a333a7052469710adde9bc624e, type: 2}
      propertyPath: m_LocalRotation.z
      value: -0
      objectReference: {fileID: 0}
    - target: {fileID: 4689955740626930, guid: 898bc7a333a7052469710adde9bc624e, type: 2}
      propertyPath: m_LocalRotation.w
      value: 0.7071067
      objectReference: {fileID: 0}
    - target: {fileID: 4689955740626930, guid: 898bc7a333a7052469710adde9bc624e, type: 2}
      propertyPath: m_RootOrder
      value: 20
      objectReference: {fileID: 0}
    m_RemovedComponents: []
  m_ParentPrefab: {fileID: 100100000, guid: 898bc7a333a7052469710adde9bc624e, type: 2}
  m_IsPrefabParent: 0
--- !u!1001 &1197984382
Prefab:
  m_ObjectHideFlags: 0
  serializedVersion: 2
  m_Modification:
    m_TransformParent: {fileID: 1300818634}
    m_Modifications:
    - target: {fileID: 4674856620989084, guid: b000a57f9d3e1004ea12070d096edd86, type: 2}
      propertyPath: m_LocalPosition.x
      value: 8.73
      objectReference: {fileID: 0}
    - target: {fileID: 4674856620989084, guid: b000a57f9d3e1004ea12070d096edd86, type: 2}
      propertyPath: m_LocalPosition.y
      value: 0
      objectReference: {fileID: 0}
    - target: {fileID: 4674856620989084, guid: b000a57f9d3e1004ea12070d096edd86, type: 2}
      propertyPath: m_LocalPosition.z
      value: 1.91
      objectReference: {fileID: 0}
    - target: {fileID: 4674856620989084, guid: b000a57f9d3e1004ea12070d096edd86, type: 2}
      propertyPath: m_LocalRotation.x
      value: -0.7071068
      objectReference: {fileID: 0}
    - target: {fileID: 4674856620989084, guid: b000a57f9d3e1004ea12070d096edd86, type: 2}
      propertyPath: m_LocalRotation.y
      value: 0
      objectReference: {fileID: 0}
    - target: {fileID: 4674856620989084, guid: b000a57f9d3e1004ea12070d096edd86, type: 2}
      propertyPath: m_LocalRotation.z
      value: -0
      objectReference: {fileID: 0}
    - target: {fileID: 4674856620989084, guid: b000a57f9d3e1004ea12070d096edd86, type: 2}
      propertyPath: m_LocalRotation.w
      value: 0.7071067
      objectReference: {fileID: 0}
    - target: {fileID: 4674856620989084, guid: b000a57f9d3e1004ea12070d096edd86, type: 2}
      propertyPath: m_RootOrder
      value: 13
      objectReference: {fileID: 0}
    m_RemovedComponents: []
  m_ParentPrefab: {fileID: 100100000, guid: b000a57f9d3e1004ea12070d096edd86, type: 2}
  m_IsPrefabParent: 0
--- !u!4 &1205660426 stripped
Transform:
  m_PrefabParentObject: {fileID: 4327138322741486, guid: 693e4ae044b264f4b978a8c211020b9a,
    type: 2}
  m_PrefabInternal: {fileID: 1617305533}
--- !u!1 &1300818633
GameObject:
  m_ObjectHideFlags: 0
  m_PrefabParentObject: {fileID: 100014, guid: 9b5d996e08723f14ab8b0c8abbdb5287, type: 3}
  m_PrefabInternal: {fileID: 0}
  serializedVersion: 5
  m_Component:
  - component: {fileID: 1300818634}
  m_Layer: 0
  m_Name: mesh_KYT3Assets_Adamv2
  m_TagString: Untagged
  m_Icon: {fileID: 0}
  m_NavMeshLayer: 0
  m_StaticEditorFlags: 0
  m_IsActive: 1
--- !u!4 &1300818634
Transform:
  m_ObjectHideFlags: 0
  m_PrefabParentObject: {fileID: 400014, guid: 9b5d996e08723f14ab8b0c8abbdb5287, type: 3}
  m_PrefabInternal: {fileID: 0}
  m_GameObject: {fileID: 1300818633}
  m_LocalRotation: {x: 0, y: 0, z: 0, w: 1}
  m_LocalPosition: {x: 3.575057, y: 6.2837677, z: 9.887989}
  m_LocalScale: {x: 1, y: 1, z: 1}
  m_Children:
  - {fileID: 2021492557}
  - {fileID: 2027252139}
  - {fileID: 755459923}
  - {fileID: 508912297}
  - {fileID: 284898009}
  - {fileID: 811537274}
  - {fileID: 1730234713}
  - {fileID: 1857205220}
  - {fileID: 1205660426}
  - {fileID: 1381023531}
  - {fileID: 1047981441}
  - {fileID: 1887123351}
  - {fileID: 346044207}
  - {fileID: 1651623804}
  - {fileID: 830465935}
  - {fileID: 1561797890}
  - {fileID: 419285841}
  - {fileID: 1413538738}
  - {fileID: 384781665}
  - {fileID: 447595059}
  - {fileID: 141067067}
  - {fileID: 1537423838}
  m_Father: {fileID: 0}
  m_RootOrder: 1
  m_LocalEulerAnglesHint: {x: 0, y: 0, z: 0}
--- !u!1001 &1369937050
Prefab:
  m_ObjectHideFlags: 0
  serializedVersion: 2
  m_Modification:
    m_TransformParent: {fileID: 1300818634}
    m_Modifications:
    - target: {fileID: 4904957979280736, guid: f6da6c79736150544acf784575457cd2, type: 2}
      propertyPath: m_LocalPosition.x
      value: 5.52
      objectReference: {fileID: 0}
    - target: {fileID: 4904957979280736, guid: f6da6c79736150544acf784575457cd2, type: 2}
      propertyPath: m_LocalPosition.y
      value: 0
      objectReference: {fileID: 0}
    - target: {fileID: 4904957979280736, guid: f6da6c79736150544acf784575457cd2, type: 2}
      propertyPath: m_LocalPosition.z
      value: -3.93
      objectReference: {fileID: 0}
    - target: {fileID: 4904957979280736, guid: f6da6c79736150544acf784575457cd2, type: 2}
      propertyPath: m_LocalRotation.x
      value: -0.7071068
      objectReference: {fileID: 0}
    - target: {fileID: 4904957979280736, guid: f6da6c79736150544acf784575457cd2, type: 2}
      propertyPath: m_LocalRotation.y
      value: 0
      objectReference: {fileID: 0}
    - target: {fileID: 4904957979280736, guid: f6da6c79736150544acf784575457cd2, type: 2}
      propertyPath: m_LocalRotation.z
      value: -0
      objectReference: {fileID: 0}
    - target: {fileID: 4904957979280736, guid: f6da6c79736150544acf784575457cd2, type: 2}
      propertyPath: m_LocalRotation.w
      value: 0.7071067
      objectReference: {fileID: 0}
    - target: {fileID: 4904957979280736, guid: f6da6c79736150544acf784575457cd2, type: 2}
      propertyPath: m_RootOrder
      value: 16
      objectReference: {fileID: 0}
    m_RemovedComponents: []
  m_ParentPrefab: {fileID: 100100000, guid: f6da6c79736150544acf784575457cd2, type: 2}
  m_IsPrefabParent: 0
--- !u!4 &1381023531 stripped
Transform:
  m_PrefabParentObject: {fileID: 4783754819433100, guid: 58adc456718cb11498a02d3a710e1373,
    type: 2}
  m_PrefabInternal: {fileID: 102975936}
--- !u!4 &1413538738 stripped
Transform:
  m_PrefabParentObject: {fileID: 4731752686717146, guid: 71fb3ba0cca997a408335fee70d9ad6a,
    type: 2}
  m_PrefabInternal: {fileID: 769280699}
--- !u!1001 &1530578330
Prefab:
  m_ObjectHideFlags: 0
  serializedVersion: 2
  m_Modification:
    m_TransformParent: {fileID: 1300818634}
    m_Modifications:
    - target: {fileID: 4641363424559090, guid: 58111d6ff5f5635478ce46c5729cef63, type: 2}
      propertyPath: m_LocalPosition.x
      value: -3.71
      objectReference: {fileID: 0}
    - target: {fileID: 4641363424559090, guid: 58111d6ff5f5635478ce46c5729cef63, type: 2}
      propertyPath: m_LocalPosition.y
      value: 0
      objectReference: {fileID: 0}
    - target: {fileID: 4641363424559090, guid: 58111d6ff5f5635478ce46c5729cef63, type: 2}
      propertyPath: m_LocalPosition.z
      value: 9.83
      objectReference: {fileID: 0}
    - target: {fileID: 4641363424559090, guid: 58111d6ff5f5635478ce46c5729cef63, type: 2}
      propertyPath: m_LocalRotation.x
      value: -0.7071068
      objectReference: {fileID: 0}
    - target: {fileID: 4641363424559090, guid: 58111d6ff5f5635478ce46c5729cef63, type: 2}
      propertyPath: m_LocalRotation.y
      value: 0
      objectReference: {fileID: 0}
    - target: {fileID: 4641363424559090, guid: 58111d6ff5f5635478ce46c5729cef63, type: 2}
      propertyPath: m_LocalRotation.z
      value: -0
      objectReference: {fileID: 0}
    - target: {fileID: 4641363424559090, guid: 58111d6ff5f5635478ce46c5729cef63, type: 2}
      propertyPath: m_LocalRotation.w
      value: 0.7071067
      objectReference: {fileID: 0}
    - target: {fileID: 4641363424559090, guid: 58111d6ff5f5635478ce46c5729cef63, type: 2}
      propertyPath: m_RootOrder
      value: 18
      objectReference: {fileID: 0}
    m_RemovedComponents: []
  m_ParentPrefab: {fileID: 100100000, guid: 58111d6ff5f5635478ce46c5729cef63, type: 2}
  m_IsPrefabParent: 0
--- !u!4 &1537423838 stripped
Transform:
  m_PrefabParentObject: {fileID: 4353427430086594, guid: 18668f2995f0a3f438041f8ae9b26a8d,
    type: 2}
  m_PrefabInternal: {fileID: 2004890324}
--- !u!4 &1561797890 stripped
Transform:
  m_PrefabParentObject: {fileID: 4692581156635900, guid: 5d7328219e1825b4393a53599af2c16a,
    type: 2}
  m_PrefabInternal: {fileID: 890029419}
--- !u!1001 &1617305533
Prefab:
  m_ObjectHideFlags: 0
  serializedVersion: 2
  m_Modification:
    m_TransformParent: {fileID: 1300818634}
    m_Modifications:
    - target: {fileID: 4327138322741486, guid: 693e4ae044b264f4b978a8c211020b9a, type: 2}
      propertyPath: m_LocalPosition.x
      value: 7.06
      objectReference: {fileID: 0}
    - target: {fileID: 4327138322741486, guid: 693e4ae044b264f4b978a8c211020b9a, type: 2}
      propertyPath: m_LocalPosition.y
      value: 0
      objectReference: {fileID: 0}
    - target: {fileID: 4327138322741486, guid: 693e4ae044b264f4b978a8c211020b9a, type: 2}
      propertyPath: m_LocalPosition.z
      value: 5.92
      objectReference: {fileID: 0}
    - target: {fileID: 4327138322741486, guid: 693e4ae044b264f4b978a8c211020b9a, type: 2}
      propertyPath: m_LocalRotation.x
      value: -0.7071068
      objectReference: {fileID: 0}
    - target: {fileID: 4327138322741486, guid: 693e4ae044b264f4b978a8c211020b9a, type: 2}
      propertyPath: m_LocalRotation.y
      value: 0
      objectReference: {fileID: 0}
    - target: {fileID: 4327138322741486, guid: 693e4ae044b264f4b978a8c211020b9a, type: 2}
      propertyPath: m_LocalRotation.z
      value: -0
      objectReference: {fileID: 0}
    - target: {fileID: 4327138322741486, guid: 693e4ae044b264f4b978a8c211020b9a, type: 2}
      propertyPath: m_LocalRotation.w
      value: 0.7071067
      objectReference: {fileID: 0}
    - target: {fileID: 4327138322741486, guid: 693e4ae044b264f4b978a8c211020b9a, type: 2}
      propertyPath: m_RootOrder
      value: 8
      objectReference: {fileID: 0}
    m_RemovedComponents: []
  m_ParentPrefab: {fileID: 100100000, guid: 693e4ae044b264f4b978a8c211020b9a, type: 2}
  m_IsPrefabParent: 0
--- !u!1001 &1628291964
Prefab:
  m_ObjectHideFlags: 0
  serializedVersion: 2
  m_Modification:
    m_TransformParent: {fileID: 1300818634}
    m_Modifications:
    - target: {fileID: 4430469009455566, guid: 88a2cca85413e2244826eb317e8fc6da, type: 2}
      propertyPath: m_LocalPosition.x
      value: 5.21
      objectReference: {fileID: 0}
    - target: {fileID: 4430469009455566, guid: 88a2cca85413e2244826eb317e8fc6da, type: 2}
      propertyPath: m_LocalPosition.y
      value: 0
      objectReference: {fileID: 0}
    - target: {fileID: 4430469009455566, guid: 88a2cca85413e2244826eb317e8fc6da, type: 2}
      propertyPath: m_LocalPosition.z
      value: 5.65
      objectReference: {fileID: 0}
    - target: {fileID: 4430469009455566, guid: 88a2cca85413e2244826eb317e8fc6da, type: 2}
      propertyPath: m_LocalRotation.x
      value: -0.7071068
      objectReference: {fileID: 0}
    - target: {fileID: 4430469009455566, guid: 88a2cca85413e2244826eb317e8fc6da, type: 2}
      propertyPath: m_LocalRotation.y
      value: 0
      objectReference: {fileID: 0}
    - target: {fileID: 4430469009455566, guid: 88a2cca85413e2244826eb317e8fc6da, type: 2}
      propertyPath: m_LocalRotation.z
      value: -0
      objectReference: {fileID: 0}
    - target: {fileID: 4430469009455566, guid: 88a2cca85413e2244826eb317e8fc6da, type: 2}
      propertyPath: m_LocalRotation.w
      value: 0.7071067
      objectReference: {fileID: 0}
    - target: {fileID: 4430469009455566, guid: 88a2cca85413e2244826eb317e8fc6da, type: 2}
      propertyPath: m_RootOrder
      value: 5
      objectReference: {fileID: 0}
    m_RemovedComponents: []
  m_ParentPrefab: {fileID: 100100000, guid: 88a2cca85413e2244826eb317e8fc6da, type: 2}
  m_IsPrefabParent: 0
--- !u!4 &1651623804 stripped
Transform:
  m_PrefabParentObject: {fileID: 4674856620989084, guid: b000a57f9d3e1004ea12070d096edd86,
    type: 2}
  m_PrefabInternal: {fileID: 1197984382}
--- !u!1001 &1681722435
Prefab:
  m_ObjectHideFlags: 0
  serializedVersion: 2
  m_Modification:
    m_TransformParent: {fileID: 0}
    m_Modifications:
    - target: {fileID: 4659535736406934, guid: 6cce8cab6f47fe040bf26c4770965ed4, type: 2}
      propertyPath: m_LocalPosition.x
      value: 0
      objectReference: {fileID: 0}
    - target: {fileID: 4659535736406934, guid: 6cce8cab6f47fe040bf26c4770965ed4, type: 2}
      propertyPath: m_LocalPosition.y
      value: 0
      objectReference: {fileID: 0}
    - target: {fileID: 4659535736406934, guid: 6cce8cab6f47fe040bf26c4770965ed4, type: 2}
      propertyPath: m_LocalPosition.z
      value: 0
      objectReference: {fileID: 0}
    - target: {fileID: 4659535736406934, guid: 6cce8cab6f47fe040bf26c4770965ed4, type: 2}
      propertyPath: m_LocalRotation.x
      value: 0
      objectReference: {fileID: 0}
    - target: {fileID: 4659535736406934, guid: 6cce8cab6f47fe040bf26c4770965ed4, type: 2}
      propertyPath: m_LocalRotation.y
      value: 0
      objectReference: {fileID: 0}
    - target: {fileID: 4659535736406934, guid: 6cce8cab6f47fe040bf26c4770965ed4, type: 2}
      propertyPath: m_LocalRotation.z
      value: 0
      objectReference: {fileID: 0}
    - target: {fileID: 4659535736406934, guid: 6cce8cab6f47fe040bf26c4770965ed4, type: 2}
      propertyPath: m_LocalRotation.w
      value: 1
      objectReference: {fileID: 0}
    - target: {fileID: 4659535736406934, guid: 6cce8cab6f47fe040bf26c4770965ed4, type: 2}
      propertyPath: m_RootOrder
      value: 4
      objectReference: {fileID: 0}
    m_RemovedComponents: []
  m_ParentPrefab: {fileID: 100100000, guid: 6cce8cab6f47fe040bf26c4770965ed4, type: 2}
  m_IsPrefabParent: 0
--- !u!4 &1730234713 stripped
Transform:
  m_PrefabParentObject: {fileID: 4702483208590348, guid: 77507847bfe3bed4aa447795fce4c693,
    type: 2}
  m_PrefabInternal: {fileID: 2105337946}
--- !u!4 &1857205220 stripped
Transform:
  m_PrefabParentObject: {fileID: 4754435810319142, guid: a8d949ac3233dd8468e628749d6a2f3a,
    type: 2}
  m_PrefabInternal: {fileID: 1893485480}
--- !u!4 &1887123351 stripped
Transform:
  m_PrefabParentObject: {fileID: 4775551693370512, guid: 106f4e0d03aef2f43b1174d4711ec12c,
    type: 2}
  m_PrefabInternal: {fileID: 2038250235}
--- !u!1001 &1893485480
Prefab:
  m_ObjectHideFlags: 0
  serializedVersion: 2
  m_Modification:
    m_TransformParent: {fileID: 1300818634}
    m_Modifications:
    - target: {fileID: 4754435810319142, guid: a8d949ac3233dd8468e628749d6a2f3a, type: 2}
      propertyPath: m_LocalPosition.x
      value: 6.11
      objectReference: {fileID: 0}
    - target: {fileID: 4754435810319142, guid: a8d949ac3233dd8468e628749d6a2f3a, type: 2}
      propertyPath: m_LocalPosition.y
      value: 0
      objectReference: {fileID: 0}
    - target: {fileID: 4754435810319142, guid: a8d949ac3233dd8468e628749d6a2f3a, type: 2}
      propertyPath: m_LocalPosition.z
      value: 2.81
      objectReference: {fileID: 0}
    - target: {fileID: 4754435810319142, guid: a8d949ac3233dd8468e628749d6a2f3a, type: 2}
      propertyPath: m_LocalRotation.x
      value: -0.7071068
      objectReference: {fileID: 0}
    - target: {fileID: 4754435810319142, guid: a8d949ac3233dd8468e628749d6a2f3a, type: 2}
      propertyPath: m_LocalRotation.y
      value: 0
      objectReference: {fileID: 0}
    - target: {fileID: 4754435810319142, guid: a8d949ac3233dd8468e628749d6a2f3a, type: 2}
      propertyPath: m_LocalRotation.z
      value: -0
      objectReference: {fileID: 0}
    - target: {fileID: 4754435810319142, guid: a8d949ac3233dd8468e628749d6a2f3a, type: 2}
      propertyPath: m_LocalRotation.w
      value: 0.7071067
      objectReference: {fileID: 0}
    - target: {fileID: 4754435810319142, guid: a8d949ac3233dd8468e628749d6a2f3a, type: 2}
      propertyPath: m_RootOrder
      value: 7
      objectReference: {fileID: 0}
    m_RemovedComponents: []
  m_ParentPrefab: {fileID: 100100000, guid: a8d949ac3233dd8468e628749d6a2f3a, type: 2}
  m_IsPrefabParent: 0
--- !u!1 &1927251214
GameObject:
  m_ObjectHideFlags: 0
  m_PrefabParentObject: {fileID: 0}
  m_PrefabInternal: {fileID: 204282961}
  serializedVersion: 5
  m_Component:
  - component: {fileID: 482030237}
  m_Layer: 0
  m_Name: Missing Prefab (Dummy)
  m_TagString: Untagged
  m_Icon: {fileID: 0}
  m_NavMeshLayer: 0
  m_StaticEditorFlags: 0
  m_IsActive: 1
--- !u!1001 &2004890324
Prefab:
  m_ObjectHideFlags: 0
  serializedVersion: 2
  m_Modification:
    m_TransformParent: {fileID: 1300818634}
    m_Modifications:
    - target: {fileID: 4353427430086594, guid: 18668f2995f0a3f438041f8ae9b26a8d, type: 2}
      propertyPath: m_LocalPosition.x
      value: 0.78
      objectReference: {fileID: 0}
    - target: {fileID: 4353427430086594, guid: 18668f2995f0a3f438041f8ae9b26a8d, type: 2}
      propertyPath: m_LocalPosition.y
      value: 0
      objectReference: {fileID: 0}
    - target: {fileID: 4353427430086594, guid: 18668f2995f0a3f438041f8ae9b26a8d, type: 2}
      propertyPath: m_LocalPosition.z
      value: 0.09
      objectReference: {fileID: 0}
    - target: {fileID: 4353427430086594, guid: 18668f2995f0a3f438041f8ae9b26a8d, type: 2}
      propertyPath: m_LocalRotation.x
      value: -0.7071068
      objectReference: {fileID: 0}
    - target: {fileID: 4353427430086594, guid: 18668f2995f0a3f438041f8ae9b26a8d, type: 2}
      propertyPath: m_LocalRotation.y
      value: 0
      objectReference: {fileID: 0}
    - target: {fileID: 4353427430086594, guid: 18668f2995f0a3f438041f8ae9b26a8d, type: 2}
      propertyPath: m_LocalRotation.z
      value: -0
      objectReference: {fileID: 0}
    - target: {fileID: 4353427430086594, guid: 18668f2995f0a3f438041f8ae9b26a8d, type: 2}
      propertyPath: m_LocalRotation.w
      value: 0.7071067
      objectReference: {fileID: 0}
    - target: {fileID: 4353427430086594, guid: 18668f2995f0a3f438041f8ae9b26a8d, type: 2}
      propertyPath: m_RootOrder
      value: 21
      objectReference: {fileID: 0}
    m_RemovedComponents: []
  m_ParentPrefab: {fileID: 100100000, guid: 18668f2995f0a3f438041f8ae9b26a8d, type: 2}
  m_IsPrefabParent: 0
--- !u!1001 &2021492556
Prefab:
  m_ObjectHideFlags: 0
  serializedVersion: 2
  m_Modification:
    m_TransformParent: {fileID: 1300818634}
    m_Modifications:
    - target: {fileID: 4406692290303354, guid: f4213924c8b7c9e44a7f030589e07790, type: 2}
      propertyPath: m_LocalPosition.x
      value: -0
      objectReference: {fileID: 0}
    - target: {fileID: 4406692290303354, guid: f4213924c8b7c9e44a7f030589e07790, type: 2}
      propertyPath: m_LocalPosition.y
      value: 0
      objectReference: {fileID: 0}
    - target: {fileID: 4406692290303354, guid: f4213924c8b7c9e44a7f030589e07790, type: 2}
      propertyPath: m_LocalPosition.z
      value: 4.58
      objectReference: {fileID: 0}
    - target: {fileID: 4406692290303354, guid: f4213924c8b7c9e44a7f030589e07790, type: 2}
      propertyPath: m_LocalRotation.x
      value: -0.7071068
      objectReference: {fileID: 0}
    - target: {fileID: 4406692290303354, guid: f4213924c8b7c9e44a7f030589e07790, type: 2}
      propertyPath: m_LocalRotation.y
      value: 0
      objectReference: {fileID: 0}
    - target: {fileID: 4406692290303354, guid: f4213924c8b7c9e44a7f030589e07790, type: 2}
      propertyPath: m_LocalRotation.z
      value: -0
      objectReference: {fileID: 0}
    - target: {fileID: 4406692290303354, guid: f4213924c8b7c9e44a7f030589e07790, type: 2}
      propertyPath: m_LocalRotation.w
      value: 0.7071067
      objectReference: {fileID: 0}
    - target: {fileID: 4406692290303354, guid: f4213924c8b7c9e44a7f030589e07790, type: 2}
      propertyPath: m_RootOrder
      value: 0
      objectReference: {fileID: 0}
    m_RemovedComponents: []
  m_ParentPrefab: {fileID: 100100000, guid: f4213924c8b7c9e44a7f030589e07790, type: 2}
  m_IsPrefabParent: 0
--- !u!4 &2021492557 stripped
Transform:
  m_PrefabParentObject: {fileID: 4406692290303354, guid: f4213924c8b7c9e44a7f030589e07790,
    type: 2}
  m_PrefabInternal: {fileID: 2021492556}
--- !u!1001 &2027252138
Prefab:
  m_ObjectHideFlags: 0
  serializedVersion: 2
  m_Modification:
    m_TransformParent: {fileID: 1300818634}
    m_Modifications:
    - target: {fileID: 4510437425271222, guid: da44d29bada83e14db0b41b591461feb, type: 2}
      propertyPath: m_LocalPosition.x
      value: -0
      objectReference: {fileID: 0}
    - target: {fileID: 4510437425271222, guid: da44d29bada83e14db0b41b591461feb, type: 2}
      propertyPath: m_LocalPosition.y
      value: 0
      objectReference: {fileID: 0}
    - target: {fileID: 4510437425271222, guid: da44d29bada83e14db0b41b591461feb, type: 2}
      propertyPath: m_LocalPosition.z
      value: 8.65
      objectReference: {fileID: 0}
    - target: {fileID: 4510437425271222, guid: da44d29bada83e14db0b41b591461feb, type: 2}
      propertyPath: m_LocalRotation.x
      value: -0.7071068
      objectReference: {fileID: 0}
    - target: {fileID: 4510437425271222, guid: da44d29bada83e14db0b41b591461feb, type: 2}
      propertyPath: m_LocalRotation.y
      value: 0
      objectReference: {fileID: 0}
    - target: {fileID: 4510437425271222, guid: da44d29bada83e14db0b41b591461feb, type: 2}
      propertyPath: m_LocalRotation.z
      value: -0
      objectReference: {fileID: 0}
    - target: {fileID: 4510437425271222, guid: da44d29bada83e14db0b41b591461feb, type: 2}
      propertyPath: m_LocalRotation.w
      value: 0.7071067
      objectReference: {fileID: 0}
    - target: {fileID: 4510437425271222, guid: da44d29bada83e14db0b41b591461feb, type: 2}
      propertyPath: m_RootOrder
      value: 1
      objectReference: {fileID: 0}
    m_RemovedComponents: []
  m_ParentPrefab: {fileID: 100100000, guid: da44d29bada83e14db0b41b591461feb, type: 2}
  m_IsPrefabParent: 0
--- !u!4 &2027252139 stripped
Transform:
  m_PrefabParentObject: {fileID: 4510437425271222, guid: da44d29bada83e14db0b41b591461feb,
    type: 2}
  m_PrefabInternal: {fileID: 2027252138}
--- !u!1001 &2036800337
Prefab:
  m_ObjectHideFlags: 0
  serializedVersion: 2
  m_Modification:
    m_TransformParent: {fileID: 0}
    m_Modifications:
    - target: {fileID: 400016, guid: c77ce04cb9134524aa9a52d65431f90b, type: 3}
      propertyPath: m_LocalPosition.x
      value: 0
      objectReference: {fileID: 0}
    - target: {fileID: 400016, guid: c77ce04cb9134524aa9a52d65431f90b, type: 3}
      propertyPath: m_LocalPosition.y
      value: 0
      objectReference: {fileID: 0}
    - target: {fileID: 400016, guid: c77ce04cb9134524aa9a52d65431f90b, type: 3}
      propertyPath: m_LocalPosition.z
      value: 0
      objectReference: {fileID: 0}
    - target: {fileID: 400016, guid: c77ce04cb9134524aa9a52d65431f90b, type: 3}
      propertyPath: m_LocalRotation.x
      value: 0
      objectReference: {fileID: 0}
    - target: {fileID: 400016, guid: c77ce04cb9134524aa9a52d65431f90b, type: 3}
      propertyPath: m_LocalRotation.y
      value: 0
      objectReference: {fileID: 0}
    - target: {fileID: 400016, guid: c77ce04cb9134524aa9a52d65431f90b, type: 3}
      propertyPath: m_LocalRotation.z
      value: 0
      objectReference: {fileID: 0}
    - target: {fileID: 400016, guid: c77ce04cb9134524aa9a52d65431f90b, type: 3}
      propertyPath: m_LocalRotation.w
      value: 1
      objectReference: {fileID: 0}
    - target: {fileID: 400016, guid: c77ce04cb9134524aa9a52d65431f90b, type: 3}
      propertyPath: m_RootOrder
      value: 0
      objectReference: {fileID: 0}
    - target: {fileID: 100040, guid: c77ce04cb9134524aa9a52d65431f90b, type: 3}
      propertyPath: m_IsActive
      value: 1
      objectReference: {fileID: 0}
    - target: {fileID: 100002, guid: c77ce04cb9134524aa9a52d65431f90b, type: 3}
      propertyPath: m_IsActive
      value: 0
      objectReference: {fileID: 0}
    - target: {fileID: 100006, guid: c77ce04cb9134524aa9a52d65431f90b, type: 3}
      propertyPath: m_IsActive
      value: 0
      objectReference: {fileID: 0}
    - target: {fileID: 100032, guid: c77ce04cb9134524aa9a52d65431f90b, type: 3}
      propertyPath: m_IsActive
      value: 0
      objectReference: {fileID: 0}
    - target: {fileID: 100004, guid: c77ce04cb9134524aa9a52d65431f90b, type: 3}
      propertyPath: m_IsActive
      value: 0
      objectReference: {fileID: 0}
    - target: {fileID: 100018, guid: c77ce04cb9134524aa9a52d65431f90b, type: 3}
      propertyPath: m_IsActive
      value: 0
      objectReference: {fileID: 0}
    - target: {fileID: 100014, guid: c77ce04cb9134524aa9a52d65431f90b, type: 3}
      propertyPath: m_IsActive
      value: 0
      objectReference: {fileID: 0}
    - target: {fileID: 100020, guid: c77ce04cb9134524aa9a52d65431f90b, type: 3}
      propertyPath: m_IsActive
      value: 0
      objectReference: {fileID: 0}
    - target: {fileID: 100000, guid: c77ce04cb9134524aa9a52d65431f90b, type: 3}
      propertyPath: m_IsActive
      value: 0
      objectReference: {fileID: 0}
    - target: {fileID: 100022, guid: c77ce04cb9134524aa9a52d65431f90b, type: 3}
      propertyPath: m_IsActive
      value: 0
      objectReference: {fileID: 0}
    - target: {fileID: 100038, guid: c77ce04cb9134524aa9a52d65431f90b, type: 3}
      propertyPath: m_IsActive
      value: 1
      objectReference: {fileID: 0}
    - target: {fileID: 100036, guid: c77ce04cb9134524aa9a52d65431f90b, type: 3}
      propertyPath: m_IsActive
      value: 1
      objectReference: {fileID: 0}
    - target: {fileID: 100024, guid: c77ce04cb9134524aa9a52d65431f90b, type: 3}
      propertyPath: m_IsActive
      value: 0
      objectReference: {fileID: 0}
    - target: {fileID: 100008, guid: c77ce04cb9134524aa9a52d65431f90b, type: 3}
      propertyPath: m_IsActive
      value: 0
      objectReference: {fileID: 0}
    - target: {fileID: 100026, guid: c77ce04cb9134524aa9a52d65431f90b, type: 3}
      propertyPath: m_IsActive
      value: 0
      objectReference: {fileID: 0}
    - target: {fileID: 100034, guid: c77ce04cb9134524aa9a52d65431f90b, type: 3}
      propertyPath: m_IsActive
      value: 0
      objectReference: {fileID: 0}
    - target: {fileID: 100012, guid: c77ce04cb9134524aa9a52d65431f90b, type: 3}
      propertyPath: m_IsActive
      value: 0
      objectReference: {fileID: 0}
    - target: {fileID: 100010, guid: c77ce04cb9134524aa9a52d65431f90b, type: 3}
      propertyPath: m_IsActive
      value: 0
      objectReference: {fileID: 0}
    - target: {fileID: 100028, guid: c77ce04cb9134524aa9a52d65431f90b, type: 3}
      propertyPath: m_IsActive
      value: 0
      objectReference: {fileID: 0}
    - target: {fileID: 100030, guid: c77ce04cb9134524aa9a52d65431f90b, type: 3}
      propertyPath: m_IsActive
      value: 0
      objectReference: {fileID: 0}
    - target: {fileID: 400022, guid: c77ce04cb9134524aa9a52d65431f90b, type: 3}
      propertyPath: m_LocalPosition.x
      value: 0.599
      objectReference: {fileID: 0}
    - target: {fileID: 400020, guid: c77ce04cb9134524aa9a52d65431f90b, type: 3}
      propertyPath: m_LocalPosition.x
      value: 0.599
      objectReference: {fileID: 0}
    - target: {fileID: 2300028, guid: c77ce04cb9134524aa9a52d65431f90b, type: 3}
      propertyPath: m_Materials.Array.data[0]
      value: 
      objectReference: {fileID: 2100000, guid: 1ee3958975724df45bd511e225b72f63, type: 2}
    - target: {fileID: 2300026, guid: c77ce04cb9134524aa9a52d65431f90b, type: 3}
      propertyPath: m_Materials.Array.data[0]
      value: 
      objectReference: {fileID: 2100000, guid: 1ee3958975724df45bd511e225b72f63, type: 2}
    - target: {fileID: 2300022, guid: c77ce04cb9134524aa9a52d65431f90b, type: 3}
      propertyPath: m_Materials.Array.data[0]
      value: 
      objectReference: {fileID: 2100000, guid: 1ee3958975724df45bd511e225b72f63, type: 2}
    - target: {fileID: 2300024, guid: c77ce04cb9134524aa9a52d65431f90b, type: 3}
      propertyPath: m_Materials.Array.data[0]
      value: 
      objectReference: {fileID: 2100000, guid: 1ee3958975724df45bd511e225b72f63, type: 2}
    - target: {fileID: 2300020, guid: c77ce04cb9134524aa9a52d65431f90b, type: 3}
      propertyPath: m_Materials.Array.data[0]
      value: 
      objectReference: {fileID: 2100000, guid: fb71e9ea572c1844e84fe1f24a176ae9, type: 2}
    - target: {fileID: 2300018, guid: c77ce04cb9134524aa9a52d65431f90b, type: 3}
      propertyPath: m_Materials.Array.data[0]
      value: 
      objectReference: {fileID: 2100000, guid: fb71e9ea572c1844e84fe1f24a176ae9, type: 2}
    - target: {fileID: 2300036, guid: c77ce04cb9134524aa9a52d65431f90b, type: 3}
      propertyPath: m_Materials.Array.data[0]
      value: 
      objectReference: {fileID: 2100000, guid: 8bbcb8520ea09274aa94fc458650171c, type: 2}
    - target: {fileID: 2300038, guid: c77ce04cb9134524aa9a52d65431f90b, type: 3}
      propertyPath: m_Materials.Array.data[0]
      value: 
      objectReference: {fileID: 2100000, guid: 8bbcb8520ea09274aa94fc458650171c, type: 2}
    - target: {fileID: 2300034, guid: c77ce04cb9134524aa9a52d65431f90b, type: 3}
      propertyPath: m_Materials.Array.data[0]
      value: 
      objectReference: {fileID: 2100000, guid: 8bbcb8520ea09274aa94fc458650171c, type: 2}
    - target: {fileID: 400036, guid: c77ce04cb9134524aa9a52d65431f90b, type: 3}
      propertyPath: m_LocalPosition.z
      value: 3
      objectReference: {fileID: 0}
    - target: {fileID: 400040, guid: c77ce04cb9134524aa9a52d65431f90b, type: 3}
      propertyPath: m_LocalPosition.z
      value: -3
      objectReference: {fileID: 0}
    m_RemovedComponents: []
  m_ParentPrefab: {fileID: 100100000, guid: c77ce04cb9134524aa9a52d65431f90b, type: 3}
  m_IsPrefabParent: 0
--- !u!1001 &2038250235
Prefab:
  m_ObjectHideFlags: 0
  serializedVersion: 2
  m_Modification:
    m_TransformParent: {fileID: 1300818634}
    m_Modifications:
    - target: {fileID: 4775551693370512, guid: 106f4e0d03aef2f43b1174d4711ec12c, type: 2}
      propertyPath: m_LocalPosition.x
      value: 7.53
      objectReference: {fileID: 0}
    - target: {fileID: 4775551693370512, guid: 106f4e0d03aef2f43b1174d4711ec12c, type: 2}
      propertyPath: m_LocalPosition.y
      value: 0
      objectReference: {fileID: 0}
    - target: {fileID: 4775551693370512, guid: 106f4e0d03aef2f43b1174d4711ec12c, type: 2}
      propertyPath: m_LocalPosition.z
      value: -1.06
      objectReference: {fileID: 0}
    - target: {fileID: 4775551693370512, guid: 106f4e0d03aef2f43b1174d4711ec12c, type: 2}
      propertyPath: m_LocalRotation.x
      value: -0.7071068
      objectReference: {fileID: 0}
    - target: {fileID: 4775551693370512, guid: 106f4e0d03aef2f43b1174d4711ec12c, type: 2}
      propertyPath: m_LocalRotation.y
      value: 0
      objectReference: {fileID: 0}
    - target: {fileID: 4775551693370512, guid: 106f4e0d03aef2f43b1174d4711ec12c, type: 2}
      propertyPath: m_LocalRotation.z
      value: -0
      objectReference: {fileID: 0}
    - target: {fileID: 4775551693370512, guid: 106f4e0d03aef2f43b1174d4711ec12c, type: 2}
      propertyPath: m_LocalRotation.w
      value: 0.7071067
      objectReference: {fileID: 0}
    - target: {fileID: 4775551693370512, guid: 106f4e0d03aef2f43b1174d4711ec12c, type: 2}
      propertyPath: m_RootOrder
      value: 11
      objectReference: {fileID: 0}
    m_RemovedComponents: []
  m_ParentPrefab: {fileID: 100100000, guid: 106f4e0d03aef2f43b1174d4711ec12c, type: 2}
  m_IsPrefabParent: 0
--- !u!1001 &2105337946
Prefab:
  m_ObjectHideFlags: 0
  serializedVersion: 2
  m_Modification:
    m_TransformParent: {fileID: 1300818634}
    m_Modifications:
    - target: {fileID: 4702483208590348, guid: 77507847bfe3bed4aa447795fce4c693, type: 2}
      propertyPath: m_LocalPosition.x
      value: 4.6
      objectReference: {fileID: 0}
    - target: {fileID: 4702483208590348, guid: 77507847bfe3bed4aa447795fce4c693, type: 2}
      propertyPath: m_LocalPosition.y
      value: 0
      objectReference: {fileID: 0}
    - target: {fileID: 4702483208590348, guid: 77507847bfe3bed4aa447795fce4c693, type: 2}
      propertyPath: m_LocalPosition.z
      value: 11.99
      objectReference: {fileID: 0}
    - target: {fileID: 4702483208590348, guid: 77507847bfe3bed4aa447795fce4c693, type: 2}
      propertyPath: m_LocalRotation.x
      value: -0.7071068
      objectReference: {fileID: 0}
    - target: {fileID: 4702483208590348, guid: 77507847bfe3bed4aa447795fce4c693, type: 2}
      propertyPath: m_LocalRotation.y
      value: 0
      objectReference: {fileID: 0}
    - target: {fileID: 4702483208590348, guid: 77507847bfe3bed4aa447795fce4c693, type: 2}
      propertyPath: m_LocalRotation.z
      value: -0
      objectReference: {fileID: 0}
    - target: {fileID: 4702483208590348, guid: 77507847bfe3bed4aa447795fce4c693, type: 2}
      propertyPath: m_LocalRotation.w
      value: 0.7071067
      objectReference: {fileID: 0}
    - target: {fileID: 4702483208590348, guid: 77507847bfe3bed4aa447795fce4c693, type: 2}
      propertyPath: m_RootOrder
      value: 6
      objectReference: {fileID: 0}
    m_RemovedComponents: []
  m_ParentPrefab: {fileID: 100100000, guid: 77507847bfe3bed4aa447795fce4c693, type: 2}
  m_IsPrefabParent: 0
--- !u!1001 &2146326649
Prefab:
  m_ObjectHideFlags: 0
  serializedVersion: 2
  m_Modification:
    m_TransformParent: {fileID: 1300818634}
    m_Modifications:
    - target: {fileID: 4111271477560620, guid: b3abede17d0967f429178aeaa30c6482, type: 2}
      propertyPath: m_LocalPosition.x
      value: 3.97
      objectReference: {fileID: 0}
    - target: {fileID: 4111271477560620, guid: b3abede17d0967f429178aeaa30c6482, type: 2}
      propertyPath: m_LocalPosition.y
      value: 0
      objectReference: {fileID: 0}
    - target: {fileID: 4111271477560620, guid: b3abede17d0967f429178aeaa30c6482, type: 2}
      propertyPath: m_LocalPosition.z
      value: 2.58
      objectReference: {fileID: 0}
    - target: {fileID: 4111271477560620, guid: b3abede17d0967f429178aeaa30c6482, type: 2}
      propertyPath: m_LocalRotation.x
      value: -0.7071068
      objectReference: {fileID: 0}
    - target: {fileID: 4111271477560620, guid: b3abede17d0967f429178aeaa30c6482, type: 2}
      propertyPath: m_LocalRotation.y
      value: 0
      objectReference: {fileID: 0}
    - target: {fileID: 4111271477560620, guid: b3abede17d0967f429178aeaa30c6482, type: 2}
      propertyPath: m_LocalRotation.z
      value: -0
      objectReference: {fileID: 0}
    - target: {fileID: 4111271477560620, guid: b3abede17d0967f429178aeaa30c6482, type: 2}
      propertyPath: m_LocalRotation.w
      value: 0.7071067
      objectReference: {fileID: 0}
    - target: {fileID: 4111271477560620, guid: b3abede17d0967f429178aeaa30c6482, type: 2}
      propertyPath: m_RootOrder
      value: 10
      objectReference: {fileID: 0}
    m_RemovedComponents: []
  m_ParentPrefab: {fileID: 100100000, guid: b3abede17d0967f429178aeaa30c6482, type: 2}
  m_IsPrefabParent: 0
